2992 5122
293 314 987 381 'mmmmmm
1224 309 1304 383 W

56 525 116 594 que
140 512 180 571 et
204 500 357 569 omuibus
382 502 530 567 nauhu
554 499 640 588 quod
666 509 761 569 estet
778 503 931 571 frumenti
949 509 1239 591 cunqulrl,iusslt.'
1262 511 1333 576 ior

55 612 125 669 erut
142 605 360 689 perexiguum
380 619 478 687 quum
500 603 606 685 ipsium
630 603 703 686 agri
726 607 853 684 natura,
880 602 964 686 quod
990 610 1066 667 sunt
1088 603 1163 667 luca
1180 624 1301 691 aspera

54 709 87 777 et
101 707 283 765 montuosa
299 716 339 761 ue
356 697 547 783 plerumque
571 697 733 763 humecto
749 704 883 764 utuntur
900 692 1090 785 imputato,
1127 708 1194 765 tum
1214 704 1300 788 quoii

53 800 237 884 Pompeius·
256 796 340 859 haec
362 795 550 880 prouiderat
574 800 609 858 et
641 793 868 879 superioribus
902 796 1019 863 diebus
1049 799 1192 883 pruedae
1226 801 1301 863 loco

54 897 235 961 Parthinos
266 889 430 957 habuerat
461 888 722 977 frumentumque
755 911 850 957 omue
890 898 1104 980 conquisitum
1147 894 1300 982 spoliatis

55 992 266 1077 effossisque.
284 1009 397 1053 eornm
422 989 571 1054 domibus
595 1007 656 1074 per
687 993 816 1075 equites
842 1000 1071 1075 comportarat.

65 1154 68 1161 '
155 1154 272 1222 lilii.
318 1140 440 1233 Quibus
472 1152 574 1219 rebus
608 1156 749 1239 cognitis
781 1154 906 1219 (laesor
941 1160 1111 1224 concilium
1145 1165 1231 1247 cupit
1260 1176 1333 1227 ext

54 1258 121 1322 luci
144 1260 273 1319 naun.
331 1252 434 1317 Erant
466 1255 550 1315 enim
574 1254 692 1315 circum
726 1259 837 1316 costra
860 1254 1006 1339 Pompeii
1039 1259 1192 1340 permulti
1224 1260 1303 1329 edltl

56 1350 157 1441 atqrm
182 1350 296 1435 asperi
321 1350 438 1413 colles.
488 1350 558 1413 llos
583 1352 720 1433 primum
742 1350 917 1435 praesidiis
955 1356 1060 1417 tenuit
1097 1356 1301 1441 castellaque

57 1450 107 1517 ibi
131 1450 326 1513 communiit.
376 1446 467 1529 Inde,
508 1454 544 1510 ut
568 1447 632 1509 luci
657 1450 813 1533 cuiusque
846 1456 961 1511 nutura
994 1451 1134 1534 ferebat,
1176 1471 1217 1514 ex
1235 1438 1335 1523 ¹ca-2

61 1548 221 1617 stellein
249 1545 421 1609 castelium
447 1544 603 1629 perducta
634 1548 811 1609 munitione
844 1546 1088 1610 circumvallare
1113 1548 1302 1633 Pompeium

58 1646 209 1725 institnit,
236 1642 319 1706 haec
344 1648 510 1727 spectans,
547 1641 632 1725 quod
658 1650 799 1729 angusta
837 1662 874 1707 re
899 1644 1111 1710 frumentario
1137 1648 1300 1730 utebatur,

61 1740 396 1831 quodquel‘ompelus
421 1739 624 1803 multitudine
651 1743 793 1825 equitum
815 1741 956 1823 volebat,
983 1762 1045 1828 quo
1067 1747 1191 1808 minore
1215 1748 1303 1830 peri·

61 1841 132 1906 culo
150 1838 293 1922 undique
309 1834 505 1899 frumentum
521 1843 799 1923 commeatumque
825 1842 983 1902 exercitui
1009 1847 1203 1925 supportare
1226 1862 1302 1926 pus·

62 1946 133 2022 set·;
176 1935 286 2021 simul,
319 1937 365 1997 uti
396 1930 605 2018 pabulatione
626 1935 813 2020 Pompeium
844 1935 1036 2020 prohiberet
1061 1941 1302 2025 equitatumque

62 2040 136 2100 eius
160 2034 201 2097 atl
216 2050 286 2096 rem
312 2031 489 2117 gerendam
506 2031 651 2094 inutilem
677 2033 842 2119 efiiceret3
869 2038 979 2116 tertio,
1004 2043 1040 2099 ut
1062 2040 1300 2119 auctoritatem,

10 2154 12 2199 ε
62 2149 127 2219 qua
151 2128 208 2195 ille
235 2133 372 2193 maxime
398 2128 482 2212 apud
508 2133 641 2191 exteras
668 2134 818 2194 notiones
844 2134 902 2193 uiti
924 2134 1102 2215 videbatur,
1130 2138 1300 2215 minueret,

62 2230 158 2317 qun'm
181 2228 271 2299 lama
295 2245 355 2312 per
387 2222 500 2289 orbem
526 2232 687 2289 terrarum
712 2226 972 2310 percrebuisset,
999 2230 1088 2293 illum
1113 2250 1133 2293 a
1159 2234 1302 2295 Caesare

62 2326 208 2391 obsideri
239 2341 345 2409 neque
371 2322 492 2386 audere
517 2319 647 2407 proelio
680 2323 842 2387 dimicare.

64 2490 74 2561 j
159 2474 272 2539 xilv.
305 2474 479 2565 ¹l’ompeius
517 2491 622 2558 neque
656 2491 676 2534 a
706 2477 787 2537 mari
825 2475 1091 2558 Dyrrhachioque
1132 2474 1335 2538 discederet

63 2574 206 2655 uolebat,
234 2570 319 2657 quod
345 2588 471 2634 omnem
497 2577 686 2654 apparatum
710 2567 802 2653 belli,
837 2572 915 2653 telu,
938 2590 1046 2654 arma,
1072 2576 1234 2634 tormenta
1258 2569 1302 2633 ibi

62 2673 283 2735 cohoouerat
306 2666 566 2750 frumentumque
593 2670 750 2731 exercitui
784 2671 918 2732 navibus
945 2669 1170 2752 supportabat,
1197 2686 1302 2752 neque

66 2772 264 2851 munitiones
291 2766 443 2830 Caesaris
476 2765 652 2849 prohibere
692 2771 833 2849 poterat,
872 2769 937 2829 nisi
970 2768 1094 2850 proelio
1133 2768 1303 2831 decertare

65 2868 178 2948 uellet,
205 2863 358 2949 quocica
384 2871 532 2948 tempore
557 2869 721 2926 statuerat
746 2884 808 2926 uon
835 2883 914 2928 esre
947 2862 1139 2928 iaciendum.
1197 2864 1337 2927 Belin-n

97 3144 180 3215 quod
194 3153 270 3197 cruet
280 3144 440 3212 frumenti)
467 3162 514 3209 „su
531 3143 586 3197 vicl
606 3143 659 3196 Ge·
731 3142 802 3195 leloh
840 3145 1091 3197 vorzunebrnendeu
1127 3163 1191 3199 war.
1248 3145 1306 3196 Dar

65 3214 154 3267 incide
180 3212 287 3267 iberall
310 3230 378 3282 ueyn
401 3214 537 3271 muchte.“
577 3214 663 3287 Quod
747 3225 789 3264 ort
812 3215 933 3264 munitio
960 3212 1026 3265 aber
1049 3231 1101 3265 von
1128 3213 1177 3264 der
1201 3213 1306 3265 Arber't

66 3283 137 3341 hl'ter
150 3280 184 3335 in
196 3282 251 3341 ‚der
268 3281 430 3352 Bedeutung
443 3299 494 3333 ron
514 3293 661 3351 quantum.
712 3281 947 3347 deeBesectr'gcun
966 3300 1000 3333 zu
1018 3281 1168 3344 vcrrtehen,
1188 3282 1248 3333 rhth
1262 3282 1305 3332 die

64 3352 130 3425 vgi.
149 3351 174 3418 l,
191 3359 234 3419 3⁶,
254 3363 279 3407 t.
298 3352 443 3417 frumenti
455 3352 548 3420 qaod
564 3354 661 3405 lunen·
714 3349 895 3417 Verbindung
924 3348 972 3400 urit
1003 3348 1062 3398 dem
1092 3347 1183 3398 Verbo
1206 3349 1307 3415 prohi-

65 3434 126 3476 tum
145 3430 200 3487 cet,
220 3422 248 3472 ln
264 3420 408 3489 publicum
433 3420 595 3486 conserunt.
628 3420 660 3474 Β.
713 3418 788 3482 bere,
807 3416 925 3468 welches
939 3416 997 3466 sich
1011 3413 1177 3466 nathrlicher
1191 3415 1240 3465 aul
1251 3414 1303 3465 den

67 3491 100 3546 G.
122 3500 168 3556 iit,
189 3503 211 3544 i.
245 3490 353 3542 Caesar·
367 3490 663 3571 praeordinatriaque
713 3483 820 3556 Begrlff
835 3486 910 3535 einer
928 3483 1094 3606 Thlltpqlteit,
1120 3482 1160 3533 als
1185 3482 1236 3562 uus
1251 3482 1303 3533 den

66 3560 185 3626 cestrie,
211 3558 290 3628 quod
316 3567 389 3610 cuttu
420 3559 513 3610 uiuum
539 3567 592 3623 eut,
617 3574 661 3607 re·
713 3558 787 3607 eluet
813 3553 972 3623 gelertlgieu
1037 3551 1114 3603 erkes
1138 3549 1257 3608 berithi.
1279 3552 1304 3618 1,

66 3628 161 3698 liquit.
714 3630 757 3688 67,
785 3631 810 3673 ·ὶ.
841 3622 957 3690 reliquit
990 3622 1019 3674 in
1055 3637 1142 3690 opere
1171 3620 1305 3673 cohortes

100 3722 576 3796 i.„ra0ue1000rmi.lu.)
598 3723 660 3791 vu.
713 3693 887 3827 titichi?
900 3691 1305 3827 tlflfihltl‘litiissii

713 3828 766 3881 buu
791 3827 849 3899 (wo
874 3829 933 3883 rich
966 3830 1039 3883 diere
1064 3830 1230 3897 Bcdeutung
1252 3845 1305 3879 von

714 3900 885 3952 munitionen
905 3916 954 3961 aue
973 3898 1039 3971 Cap.
1057 3906 1099 3966 3⁶,
1121 3913 1160 3957 i.:
1196 3898 1305 3948 Uticam

64 3797 105 3862 Π,
123 3804 171 3863 no,
189 3806 254 3848 9.-
279 3804 314 3846 ut
338 3795 478 3863 diriperet
501 3804 587 3864 utque
612 3790 661 3845 hu-

67 3866 149 3918 bcrer
167 3864 230 3916 loeo
245 3863 381 3933 praedae.

102 3988 189 4041 chr,
208 3985 312 4041 XLIII,
332 3996 356 4040 α,
373 3985 506 4056 ferebat)
530 3986 554 4051 1,
574 3993 617 4049 51,
637 3997 660 4037 ι,
715 3969 844 4021 obsidere
862 3978 891 4020 et
922 3970 997 4021 vallo
1023 3967 1241 4020 circummunire
1266 3964 1307 4013 iu-

63 4066 100 4110 ut
112 4055 181 4123 sert
201 4054 310 4119 Gallica
329 4055 514 4109 consuetudo,
532 4053 663 4118 ΕΘΗ,
714 4040 820 4121 etltnt't·
832 4036 937 4109 ergibi)
956 4038 1009 4102 ili,
1029 4042 1072 4101 ie,
1091 4046 1115 4088 Ἰ.
1134 4034 1305 4086 munitiones

56 4136 111 4191 ω,
132 4138 157 4180 i.
191 4124 241 4189 vl,
260 4134 286 4190 q,
306 4130 331 4179 6,
362 4123 422 4178 civ,
448 4124 503 4188 ΠΙ,
521 4131 562 4177 61.
587 4141 613 4176 a,
631 4122 661 4173 Ε,
716 4106 893 4177 impediebat.
912 4107 944 4159 Β.
964 4107 996 4161 G.
1015 4105 1037 4170 1,
1057 4108 1100 4169 49,
1120 4115 1143 4156 a.
1166 4117 1243 4220 puae
1262 4117 1307 4152 co.

62 4203 160 4264 prout
177 4194 315 4259 ruinaque
333 4203 386 4245 aut
402 4202 510 4245 namra
528 4201 580 4244 ant
604 4201 663 4243 m.
712 4179 779 4246 pt'ue
797 4185 916 4227 noctroe
936 4174 1092 4224 munitione
1107 4170 1305 4252 proibuerunt.

65 4263 148 4316 dium
159 4261 287 4329 screbat.
715 4243 879 4299 Ausrerrlem
913 4239 1042 4292 bedeutct
1076 4250 1197 4292 munitio
1226 4239 1307 4293 aller-

56 4354 61 4361 ·
716 4314 795 4381 (lingo
817 4310 887 4363 anch
915 4308 960 4360 die
980 4307 1230 4380 Vertcbauzunga-
1249 4309 1307 4363 und

102 4385 188 4441 cir.
208 4383 309 4438 xilv.
345 4398 369 4445 a,
387 4382 574 4454 munitiones)
604 4383 663 4437 Der
715 4377 998 4449 Befeutigunguwerhe
1020 4377 1114 4432 selbot.
1155 4379 1178 4446 1,
1210 4390 1255 4446 tu,
1283 4392 1307 4431 t.

59 4453 175 4520 Plurnl,
200 4450 268 4505 weil
292 4452 340 4506 dau
368 4453 498 4506 Geschill
522 4451 571 4504 der
596 4453 662 4505 Ver·
715 4464 804 4518 opera
821 4448 1049 4518 munitioucrque
1058 4465 1152 4519 prope
1169 4465 1229 4501 ecee
1240 4463 1305 4515 per-

66 4524 231 4594 sehunrnug
248 4520 495 4592 undllefeailgung
509 4520 597 4573 durch
610 4520 663 4573 cleu
708 4519 1100 4587 fectao.·21‚‘t.utomuem
1122 4519 1304 4571 munitionem

66 4594 169 4647 wellen
190 4591 311 4661 Umlnng
328 4590 376 4643 deu
395 4592 525 4644 'l‘errainu
543 4589 586 4643 eiu
599 4589 665 4643 sehr
710 4586 858 4655 explent.
876 4586 930 4651 111,
946 4589 992 4655 lui,
1018 4600 1042 4643 1,
1073 4590 1164 4641 tauris
1190 4582 1303 4636 muniti-

64 4656 288 4728 vcrriellatbtes,
313 4676 348 4712 un
366 4658 454 4713 vielen
472 4658 600 4715 Punhten
616 4676 664 4719 au·
715 4655 817 4715 ouibus
833 4674 862 4712 u.
880 4654 928 4713 uli.
