2992 5122
188 311 267 391 iae

174 523 265 603 'ipae
291 515 595 579 colunecessario
621 515 741 575 etesiis
765 508 962 588 tenebatur,
979 511 1035 592 qul
1060 498 1452 593 naviganilhua'hlexan-

158 615 261 684 adria
291 620 370 675 sant
400 611 626 673 adversissimi
657 612 774 672 renti·
812 609 946 669 interim
978 609 1225 668 cornotensias
1259 620 1377 690 negare
1408 606 1452 670 ad

190 710 345 796 populum
369 712 548 771 maranum
580 713 616 767 et
641 706 689 767 ad»
708 722 759 785 oe,
796 701 887 799 qo'od
909 709 1005 767 estet
1030 701 1159 782 consul,-
1196 705 1367 785 pertinere
1389 721 1451 766 ex·

190 811 356 886 intimans,
389 812 488 887 atque
515 820 557 864 eu
583 805 689 886 inagis
715 800 822 862 allicio
849 819 910 863 suo
937 803 1121 879 contenire,
1161 799 1249 882 qaod
1272 803 1450 882 superiore

192 903 366 967 consulatu
400 918 471 962 cunr
496 905 590 981 patre
615 898 808 960 Ptolemaeo
842 904 879 958 et
901 896 979 981 lege
1012 904 1048 958 et
1072 897 1366 959 senatusconsulto
1392 916 1448 959 ac-

613 328 618 335 '
642 336 695 381 aa·
717 334 848 380 arcuo·
869 322 1019 380 crv·ii.i·'

193 1005 297 1064 cletas
324 1005 397 1060 erat
418 994 521 1075 facta,
562 997 706 1058 ostendit
736 997 801 1057 sihi
824 994 969 1077 placere,
1007 1009 1123 1078 regem
1149 993 1375 1056 Ptolemaeum
1402 1001 1450 1056 at·

172 1116 257 1182 ·que
283 1099 354 1157 eius
381 1109 530 1155 sororem
557 1092 764 1175 Cleopatram
798 1093 975 1170 exercitus,
1016 1106 1099 1173 quos
1132 1088 1304 1171 haherent,
1346 1091 1448 1152 diarii·

192 1200 267 1256 tere
294 1197 328 1252 et
354 1191 396 1252 de
421 1190 655 1252 controversiis
687 1193 759 1252 iure
785 1188 871 1271 apud
895 1204 934 1249 ee
959 1191 1070 1269 potius
1099 1205 1195 1271 quam
1219 1189 1316 1249 iuter·
1333 1204 1374 1250 sc
1400 1206 1449 1249 ar·

192 1291 256 1351 mis
282 1289 480 1368 disceptare.
814 1298 817 1303 ·

160 1496 175 1541 1
208 1520 211 1525 -
296 1481 407 1544 (iiiiii.
445 1481 525 1541 Erat
555 1482 585 1540 in
619 1480 848 1560 procuratione
881 1479 973 1560 regni
1005 1481 1141 1558 propter
1174 1480 1320 1538 aetatem
1356 1480 1448 1561 pueri

194 1582 352 1642 nutricius
382 1581 467 1656 eius,
507 1576 686 1655 eunuchos,
729 1577 860 1635 rinmine
889 1575 1058 1635 Pothinus.
1123 1572 1157 1634 is
1190 1576 1329 1653 primuni
1362 1579 1449 1637 inter

194 1694 276 1739 suos
309 1677 401 1757 queri
434 1680 533 1755 atque
565 1672 725 1755 indignari
752 1674 860 1752 coepit
890 1687 1003 1754 regem
1036 1668 1077 1730 ad
1111 1687 1245 1731 causam
1279 1669 1448 1734 &endam

194 1775 343 1851 evocari3
376 1769 494 1832 deinde
519 1768 688 1831 adiutores
713 1769 883 1851 quosdam,
918 1769 1070 1829 conscios
1095 1769 1157 1846 sui,
1187 1774 1304 1829 nactos
1330 1785 1372 1830 ex
1397 1787 1449 1830 re·

194 1872 248 1953 gia
281 1870 395 1929 amicis
427 1868 605 1927 exercitum
641 1883 660 1925 a
687 1865 818 1926 l’ciusia
852 1863 934 1925 clam
959 1863 1185 1924 Alexandriam
1219 1869 1372 1926 evocavit
1401 1872 1449 1927 at·

195 1980 260 2048 que
285 1963 422 2025 condem
449 1960 615 2040 Achillam,
654 1962 746 2023 cuius
780 1978 879 2042 supra
904 1963 1121 2039 meminimus,
1160 1956 1312 2023 omnihus
1344 1965 1449 2044 copiis

193 2057 366 2144 praefecit.
417 2060 508 2120 Hunc
538 2061 704 2119 incitatum
740 2060 824 2119 suis*
847 2063 881 2118 et
905 2059 996 2140 regie
1028 2056 1171 2124 indacum
1205 2057 1449 2139 pollicitationi·

159 2159 267 2237 abus,
296 2173 379 2236 quae
406 2156 476 2216 deri
493 2153 606 2234 vellet,
640 2154 762 2216 litteris
788 2156 974 2236 nuntiisque
1001 2154 1140 2215 edocuit.
1192 2154 1228 2214 ln
1246 2160 1448 2216 testamento

193 2254 375 2315 Ptolemaei
406 2255 510 2335 patris
545 2251 690 2313 heredes
722 2259 819 2314 eraut
849 2254 962 2333 scripti
997 2269 1037 2315 ex
1073 2249 1200 2313 duabus
1233 2250 1312 2313 liliis
1346 2254 1449 2313 maior

195 2357 230 2412 et
259 2369 300 2412 ex
329 2346 455 2410 duabus
488 2366 539 2429 ea,
579 2365 663 2431 quae
696 2355 809 2412 aetate
839 2347 1066 2411 antecellebat.
1118 2348 1208 2409 llaec
1238 2351 1283 2409 uti
1319 2348 1447 2429 fierent,

128 2500 129 2503 ,
194 2463 395 2530 peremne·
430 2446 513 2507 deos
544 2462 669 2528 perque
702 2444 848 2523 foedera,
888 2462 972 2526 quae
996 2446 1121 2505 Rornae
1145 2443 1295 2524 iecisset,
1333 2445 1447 2506 eodem

159 2549 395 2605 atestamento
420 2542 632 2604 Ptolemaeus
666 2541 819 2626 populum
844 2543 1024 2603 Romanum
1049 2541 1288 2621 obtestabatur.
1343 2539 1448 2603 Tabu-

229 2833 309 2886 (ΞΗ.
336 2834 422 2889 CVII.
460 2848 483 2892 i.
509 2835 687 2904 necessario)
721 2853 792 2903 „uo-
846 2851 948 2889 watien
974 2837 1037 2903 sibi,
1068 2837 1125 2890 uad
1152 2838 1196 2891 die
1215 2838 1443 2910 Uoregelrndsaig·

194 2902 345 2973 freiwssfig,
379 2902 440 2954 dein
464 2902 571 2974 Zarang
596 2903 670 2955 einer
693 2921 791 2955 unaun-
846 2905 904 2958 leit
929 2906 976 2958 dea
995 2906 1172 2960 Auadrucltea
1195 2906 1244 2960 hat
1262 2908 1346 2961 hitere
1364 2906 1445 2960 lirini-

194 2969 624 3040 weichbareoNothwendiglieii
641 2983 791 3023 uatcrwor·
846 2974 896 3026 ker
919 2973 1066 3045 bewogen,
1092 2975 1160 3028 uach
1187 2976 1308 3047 einigea,
1334 2974 1445 3028 lreilich

194 3038 270 3093 few
308 3036 369 3106 Vgi.
389 3057 422 3090 zu
440 3040 465 3104 1,
485 3047 528 3105 58,
551 3051 574 3094 1.
847 3042 909 3095 sehr
936 3042 1164 3097 unbedcuteaden
1190 3044 1303 3115 Spuren
1336 3044 1365 3096 in
1393 3044 1444 3096 deo

229 3164 255 3205 a.
274 3161 457 3206 controvers.
478 3153 593 3223 regom)
612 3153 730 3206 nimlieh
746 3155 793 3207 der

195 3220 352 3274 Pialemdua
377 3221 435 3272 und
454 3220 503 3273 der
522 3221 675 3292 Cleopatra.
713 3223 792 3276 Eheu

195 3307 224 3342 so
243 3290 277 3342 ist
296 3290 330 3341 liii
349 3289 380 3345 B.
401 3289 479 3346 Alex.
508 3290 572 3359 Cap.
595 3300 637 3347 33.
663 3291 712 3343 der
728 3297 791 3345 Aua·

196 3357 283 3411 ituci
297 3376 380 3427 regar
397 3359 558 3430 einigemale
573 3361 725 3430 gebrauchi
741 3380 792 3413 von

195 3429 282 3479 eiaem
292 3429 385 3501 Khnig
400 3428 458 3480 uad
469 3429 546 3480 einer
555 3430 685 3500 Klinigin.
715 3432 792 3482 Aoch

193 3496 290 3548 Livius
315 3498 338 3562 Ι,
359 3505 401 3551 39.
432 3510 491 3618 aa?
515 3501 607 3550 exciti
632 3515 716 3567 reges
746 3500 793 3551 fiir

193 3581 251 3616 mc
270 3573 298 3616 et
316 3569 426 3634 region.
489 3609 495 3622 .
518 3567 541 3633 §.
561 3577 621 3621 377.

236 3690 264 3733 et
290 3681 349 3748 lege
380 3692 409 3733 et
441 3686 600 3745 renatare.)
643 3684 711 3736 Lex
744 3684 793 3736 hc·
847 3733 853 3744 ‚

195 3747 293 3801 stimant
329 3766 389 3801 vom
426 3753 707 3805 senatusconsultum
748 3771 793 3823 gc·

194 3816 336 3885 ahtoden,
374 3818 439 3870 weil
466 3839 499 3871 zu
524 3822 615 3887 jescan
651 3820 696 3872 die
722 3820 792 3874 Saa-

194 3884 266 3937 cticn
287 3886 333 3937 dea
351 3885 454 3939 Valles
473 3889 593 3958 gehhrie.

230 4045 310 4105 Car.
334 4046 433 4104 cvm,
469 4061 493 4102 1.
517 4059 645 4118 propter
668 4060 792 4105 aetatem

192 4115 292 4233 igin)
312 4136 353 4238 l?
378 4136 436 4170 war
460 4116 529 4172 uach
548 4118 658 4190 Appiae
682 4133 736 4173 erat
761 4130 792 4176 13

251 4202 312 4238 rea
336 4225 344 4240 .

229 4301 360 4350 conscios
378 4301 438 4366 aul)
456 4301 510 4354 Die
528 4303 645 4372 Peraoa,
662 4304 712 4357 mit
729 4304 793 4356 wel·

195 4364 260 4418 cher
284 4367 535 4438 gemeinschaftlich
560 4389 621 4424 arao
647 4381 793 4427 anteierat

194 4433 284 4501 weila,
313 4435 397 4506 pdega
420 4436 466 4488 hei
489 4443 622 4492 consciae
645 4441 682 4493 iia
701 4442 794 4511 Datis,

194 4504 240 4556 die
252 4503 353 4569 Sache,
372 4521 417 4556 nm
435 4504 540 4556 welche
558 4524 619 4559 raaa
637 4510 686 4561 mii
703 4511 793 4563 e‘iaeoa

193 4573 307 4626 ,dedero
325 4573 415 4639 weiss,
444 4572 480 4624 im
499 4573 611 4628 Genitir
636 4594 670 4630 eu
683 4581 793 4637 utehea.

194 4640 289 4698 Daher
311 4642 471 4698 aeliae-nan
491 4642 551 4696 hier
568 4657 670 4702 satuti
686 4640 799 4702 eatan

846 3110 1059 3165 Haudschristea
1085 3132 1120 3165 zu
1144 3113 1301 3196 vermuihcn
1333 3113 1448 3164 adludo·

846 3196 895 3300 ίίῗ
919 3181 1062 3302 ‘hillidii
1088 3180 1449 3323 hildimassff‘offdff‘i'z‘ui

848 3314 1012 3371 abaiciitlich
1036 3319 1203 3386 vermieden,
1229 3318 1292 3370 well
1312 3318 1361 3372 der
1379 3319 1449 3371 Aua·

848 3385 934 3437 druell
967 3388 1099 3440 coneciua
1124 3386 1179 3438 sibi
1201 3388 1325 3441 alicuius
1349 3389 1396 3439 νεῖ
1418 3403 1448 3438 so

848 3455 941 3525 hautig
981 3454 1010 3507 in
1047 3454 1095 3507 der
1131 3456 1316 3527 Bcdeuiuog:
1364 3453 1449 3509 rich

846 3523 966 3576 reddat
1004 3524 1084 3576 einer
1116 3523 1208 3578 Sachc
1239 3526 1363 3593 bercosat
1401 3543 1450 3596 ge·

847 3592 964 3646 bracchi
990 3590 1096 3658 warde,
1126 3591 1184 3645 uod
1212 3595 1284 3647 steht
1315 3612 1370 3646 aua
1400 3594 1450 3646 aut‘

847 3660 888 3713 ala
911 3661 960 3713 der
978 3660 1167 3734 regelmdsaigc
1188 3661 1301 3715 Genitiv
1324 3663 1374 3715 des
1393 3662 1449 3715 Oh·

843 3742 921 3798 pecie,
946 3729 1014 3782 nach
1033 3730 1207 3783 Baumaiarka
1228 3728 1449 3784 beiiaiiswardi-

846 3817 895 3921 §.⁹¹
912 3797 1081 3919 Enkldruagt
1100 3797 1165 3867 „die
1184 3818 1230 3853 am
1247 3798 1307 3868 iho,
1325 3818 1370 3855 um
1390 3803 1450 3853 aeia

873 3867 968 3921 reiben
1006 3886 1043 3921 oo
1097 3866 1172 3921 aeine
1204 3864 1290 3921 Plane
1325 3867 1449 3922 ahachir'a

847 3936 995 3991 wolsten.“
1028 3934 1187 4008 Nipperdey
1206 3936 1254 3990 irat
1271 3938 1385 3990 considit·
1400 3940 1449 3991 eni

845 4005 1062 4077 ausgenouuuea.

871 4119 1072 4185 menrininrar)
1102 4120 1164 4173 hier
1187 4122 1216 4174 ia
1241 4121 1292 4175 der
1309 4120 1447 4177 seltenera

844 4188 1024 4263 Bedeutoog:
1050 4189 1187 4243 erwahnr
1204 4190 1306 4248 deden.

879 4317 904 4360 a.
931 4316 960 4365 et,
977 4323 1016 4359 οι
1034 4307 1165 4380 dudae)
1200 4309 1232 4363 Ia
1258 4310 1336 4363 einer
1353 4309 1447 4364 flaed-

843 4375 941 4427 achrift
971 4375 1005 4428 iat
1036 4377 1187 4448 heigeaeizt
1208 4378 1354 4446 filliabua,
1389 4396 1445 4431 war

844 4444 921 4496 nicht
938 4444 1038 4514 genade
1057 4447 1155 4516 adthig
1170 4447 1286 4514 scheinr,
1318 4447 1355 4500 da
1370 4448 1445 4514 fidite

844 4512 1048 4585 herahgedacht
1060 4515 1171 4568 werden
1190 4517 1275 4581 kann,
1296 4516 1354 4568 aad
1371 4517 1447 4569 diere

843 4582 925 4634 Form
958 4582 1005 4634 hio
1035 4584 1092 4636 aad
1125 4583 1160 4637 da
1191 4583 1360 4638 weiblichea
1391 4586 1444 4639 tie·

844 4646 997 4706 athleclnea
1014 4653 1182 4726 norkouni3
1211 4672 1239 4712 a.
1256 4653 1291 4711 B.
1313 4653 1348 4712 Ι.
1367 4654 1444 4708 Aiax.
